@online{1,
    author = "Jaan Aru",
    title = "Multiagent Cooperation and Competition with Deep Reinforcement Learning",
    url  = "https://arxiv.org/abs/1511.08779",
    addendum = "(Fri, 27 Nov 2015 20:01:45 UTC)",
    keywords = "Artificial Intelligence (cs.AI); Machine Learning (cs.LG); Neurons and Cognition (q-bio.NC)"
}

@online{2,
    author = "Brendan Martin",
    title = "Reinforcement Q-Learning from Scratch in Python with OpenAI Gym",
    url  = "https://www.learndatasci.com/tutorials/reinforcement-q-learning-scratch-python-openai-gym/"
}


@online{3,
    author = "Andrew Thomas",
    title = "Reinforcement learning tutorial using Python and Keras",
    url  = "https://adventuresinmachinelearning.com/reinforcement-learning-tutorial-python-keras/"
}

@online{4,
    title = "Using reinforcement learning to train an autonomous vehicle to avoid obstacles",
    url  = "https://github.com/harvitronix/reinforcement-learning-car"
}

@online{5,
    title = "Deep Reinforcement Learning for Keras. ",
    url  = "https://github.com/keras-rl/keras-rl"
}

@online{6,
    title = "Implementing Deep Reinforcement Learning Models with Tensorflow + OpenAI Gym",
    url  = "https://lilianweng.github.io/lil-log/2018/05/05/implementing-deep-reinforcement-learning-models.html"
}

@online{7,
    author = "David Montana",
    title = "Neural Network Weight Selection Using Genetic Algorithms",
    url  = "http://davidmontana.net/papers/hybrid.pdf"
}
